@article{onecycleattack@2021,
    author={T. {Zhu} and L. {Fu} and Q. {Liu} and Z. {Lin} and Y. {Chen} and T. {Chen}}, 
    journal={IEEE Transactions on Information Forensics and Security (TIFS, CCF A)}, 
    title={One Cycle Attack: Fool Sensor-Based Personal Gait Authentication With Clustering},
    year={2021},
    doi={10.1109/TIFS.2020.3016819}
}

@article{espialcog@2020, 
    author={T. {Zhu} and Z. {Weng} and Q. {Song} and Y. {Chen} and Q. {Liu} and Y. {Chen} and M. {Lv} and T. {Chen}},
    journal={IEEE Transactions on Mobile Computing (TMC, CCF A)},
    title={ESPIALCOG: General, Efficient and Robust Mobile User Implicit Authentication in Noisy Environment},
    year={2020},
    doi={10.1109/TMC.2020.3012491}
}

@inproceedings{jiang2021ecmo,
  title={ECMO: Peripheral Transplantation to Rehost Embedded Linux Kernels},
  author={Jiang, Muhui and Ma, Lin and Zhou, Yajin and Liu, Qiang and Zhang, Cen and Wang, Zhi and Luo, Xiapu and Wu, Lei and Ren, Kui},
  booktitle={{ACM SIGSAC Conference on Computer and Communications Security (CCS, CCF A)}},
  year={2021}
}

@inproceedings{liu2021firmguide,
  title={FIRMGUIDE: Boosting the Capability of Rehosting Embedded Linux Kernels through Model-Guided Kernel Execution},
  author={Liu, Qiang and Zhang, Cen and Ma, Lin and Jiang, Muhui and Zhou, Yajin and Wu, Lei and Shen, Wenbo and Luo, Xiapu and Liu, Yang and Ren, Kui},
  booktitle={{IEEE/ACM International Conference on Automated Software Engineering (ASE, CCF A)}},
  year={2021}
}

@inproceedings{videzzo@2023,
  title={VIDEZZO: Dependency-aware Virtual Device Fuzzing},
  author={Liu, Qiang and Toffalini, Flavio and Zhou, Yajin and Payer, Mathias},
  booktitle={{IEEE Symposium on Security and Privacy (S\&P, CCF A)}},
  year={2023}
}

@article{trapcog@2023, 
    author={Ying, Jie and Zhu, Tiantian and Liu, Qiang and Xiong, Chunlin and Weng, Zhengqiu and Chen, Tieming and Fu, Lei and Lv, Mingqi and Wu, Han and Want, Ting and Chen, Yan},
    journal={IEEE Transactions on Mobile Computing (TMC, CCF A)},
    title={TRAPCOG: An Anti-noise, Transferable, and Privacy-preserving Real-time Mobile User Authentication System with High Accuracy},
    year={2023},
}
